@inproceedings{ren2015faster,
  title={Faster R-CNN: Towards Real-Time Object Detection with Region Proposal Networks},
  author={Ren, Shaoqing and He, Kaiming and Girshick, Ross and Sun, Jian},
  booktitle={Advances in Neural Information Processing Systems (NeurIPS)},
  volume={28},
  pages={91--99},
  year={2015}
}


@inproceedings{redmon2016yolo,
  author    = {J. Redmon and S. Divvala and R. Girshick and A. Farhadi},
  title     = {You Only Look Once: Unified, Real-Time Object Detection},
  booktitle = {Proceedings of the IEEE Conference on Computer Vision and Pattern Recognition (CVPR)},
  year      = {2016},
  pages     = {779--788}
}

@article{tan2020efficientdet,
  title={EfficientDet: Scalable and Efficient Object Detection},
  author={Tan, Mingxing and Pang, Ruoming and Le, Quoc V},
  journal={Proceedings of the IEEE/CVF Conference on Computer Vision and Pattern Recognition},
  year={2020}
}

@article{zong2022code,
  title={DETRs with Collaborative Hybrid Assignments Training},
  author={Zong, Shanxin and Chen, Guanglu and He, Yongming and Duan, Haiping and Yang, Wenming and Zhou, Jianfeng},
  journal={arXiv preprint arXiv:2211.12860},
  year={2022}
}

@article{khanam2024yolov11,
  title={YOLOv11: Advances in Real-Time Object Detection},
  author={Khanam, Raheela and others},
  journal={arXiv preprint arXiv:2410.17725},
  year={2024}
}



@misc{tflite,
  title     = {TensorFlow Lite Documentation},
  howpublished = {\url{https://www.tensorflow.org/lite}},
  year      = {2024},
  note      = {Accessed: 2024-11-17}
}

@article{pascal,
  author    = {M. Everingham and L. Van Gool and C. K. I. Williams and J. Winn and A. Zisserman},
  title     = {The Pascal Visual Object Classes (VOC) Challenge},
  journal   = {International Journal of Computer Vision},
  volume    = {88},
  number    = {2},
  pages     = {303--338},
  year      = {2010}
}

@misc{rpi,
  title     = {Raspberry Pi 4 Documentation},
  howpublished = {\url{https://www.raspberrypi.org}},
  year      = {2024},
  note      = {Accessed: 2024-11-17}
}

@article{rai2024weedvision,
  title={WeedVision: A single-stage deep learning architecture to perform weed detection and segmentation using drone-acquired images},
  author={Rai, Nitin and Sun, Xin},
  journal={Computers and Electronics in Agriculture},
  volume={219},
  year={2024},
  publisher={Elsevier}
}

@article{subeesh2022deep,
  title={Deep convolutional neural network models for weed detection in polyhouse grown bell peppers},
  author={Subeesh, A and others},
  journal={Artificial Intelligence in Agriculture},
  volume={6},
  pages={47--54},
  year={2022},
  publisher={Elsevier}
}

@inproceedings{ahmed2024imageweed,
  title={An Image-based Plant Weed Detector using Machine Learning},
  author={Ahmed, Abdelmoamen and Ahmed, Jamil},
  booktitle={2024 Workshop on Computing, Networking and Communications (CNC)},
  pages={193--197},
  year={2024},
  organization={IEEE}
}
